@article{ernst_2004,
	author = "Ernst et al.",
	title = "An Annotated Bibliography of Personnel Scheduling
		and Rostering",
	year = "2004"
}

@article{loucks_1991,
	author = "Loucks and Jacobs",
	title = "Task assignment and tour scheduling of a Heterogeneous Work Force: A Heuristic Approach",
	year = "1991",

}

@article{choi_hwang_park_2009,
	author = "Choi, Hwang and Park",
	title = "Scheduling Restaurant Workers to Minimize Labor Cost and Meet Service Standards",
	year = "2009",

}

@article{krishnamoorthy_2001,
	author = "Krishnamoorthy et al.",
	title = "THE PERSONNEL TASK SCHEDULING PROBLEM",
	year = "2001"
}

@article{krishnamoorthy_2011,
	author = "Krishnamoorthy et al.",
	title = "Algorithms for large scale Shift Minimisation Personnel Task Scheduling Problems",
	year = "2011"
}

@article{kroon_1997,
	author = "Kroon et al.",
	title = "Exact and approximation algorithms for the tactical fixed interval scheduling problem
	year = "1997"
}

@article{einstein,
    author =       "Albert Einstein",
    title =        "{Zur Elektrodynamik bewegter K{\"o}rper}. ({German})
        [{On} the electrodynamics of moving bodies]",
    journal =      "Annalen der Physik",
    volume =       "322",
    number =       "10",
    pages =        "891--921",
    year =         "1905",
    DOI =          "http://dx.doi.org/10.1002/andp.19053221004"
}
 
@book{latexcompanion,
    author    = "Michel Goossens and Frank Mittelbach and Alexander Samarin",
    title     = "The \LaTeX\ Companion",
    year      = "1993",
    publisher = "Addison-Wesley",
    address   = "Reading, Massachusetts"
}
 
@misc{knuthwebsite,
    author    = "Donald Knuth",
    title     = "Knuth: Computers and Typesetting",
    url       = "http://www-cs-faculty.stanford.edu/\~{}uno/abcde.html"
}
