

@article{ernst_2004,
  title={An annotated bibliography of personnel scheduling and rostering},
  author={Ernst, A. T. and Jiang, H. and Krishnamoorthy, M. and Owens, B. and Sier, D.},
  journal={Annals of Operations Research},
  volume={127},
  number={1-4},
  pages={21--144},
  year={2004},
  publisher={Springer}
}

@article{loucks_1991,
  title={Tour scheduling and task assignment of a heterogeneous work force: A heuristic approach},
  author={Loucks, J. S. and Jacobs, F. R.},
  journal={Decision Sciences},
  volume={22},
  number={4},
  pages={719--738},
  year={1991},
  publisher={Wiley Online Library}
}

@article{choi_hwang_park_2009,
  title={Scheduling restaurant workers to minimize labor cost and meet service standards},
  author={Choi, K. and Hwang, J. and Park, M.},
  journal={Cornell Hospitality Quarterly},
  volume={50},
  number={2},
  pages={155--167},
  year={2009},
  publisher={Sage Publications}
}

@article{hojati_2011,
  title={An integer linear programming-based heuristic for scheduling heterogeneous, part-time service employees},
  author={Hojati, M. and Patil, A. S.},
  journal={European Journal of Operational Research},
  volume={209},
  number={1},
  pages={37--50},
  year={2011},
  publisher={Elsevier}
}


@article{gertsbakh_1977,
  title={Minimal resources for fixed and variable job schedules},
  author={Gertsbakh, I. and Stern, H. I.},
  journal={Operations Research},
  volume={26},
  number={1},
  pages={68--85},
  year={1978},
  publisher={INFORMS}

}

@article{fischetti_1992,
  title={Approximation algorithms for fixed job schedule problems},
  author={Fischetti, M. and Martello, S. and Toth, P.},
  journal={Operations Research},
  volume={40},
  number={1-supplement-1},
  pages={S96--S108},
  year={1992},
  publisher={INFORMS}

}


@article{akbari_2013,
  title={Scheduling part-time and mixed-skilled workers to maximize employee satisfaction},
  author={Akbari, M. and Zandieh, M. and Dorri, B.},
  journal={The International Journal of Advanced Manufacturing Technology},
  volume={64},
  number={5-8},
  pages={1017--1027},
  year={2013},
  publisher={Springer}
}

@article{eiselt_2008,
  title={Employee positioning and workload allocation},
  author={Eiselt, H. A. and Marianov, V.},
  journal={Computers \& operations research},
  volume={35},
  number={2},
  pages={513--524},
  year={2008},
  publisher={Elsevier}
}

@article{mohan_2008,
  title={Scheduling part-time personnel with availability restrictions and preferences to maximize employee satisfaction},
  author={Mohan, S.},
  journal={Mathematical and Computer Modelling},
  volume={48},
  number={11},
  pages={1806--1813},
  year={2008},
  publisher={Elsevier}

}

@article{shahnazari_2013,
  title={Solving a multi-objective multi-skilled manpower scheduling model by a fuzzy goal programming approach},
  author={Shahnazari-Shahrezaei, P. and Tavakkoli-Moghaddam, R. and Kazemipoor, H.},
  journal={Applied Mathematical Modelling},
  volume={37},
  number={7},
  pages={5424--5443},
  year={2013},
  publisher={Elsevier}
}


@incollection{krishnamoorthy_2001,
  title={The personnel task scheduling problem},
  author={Krishnamoorthy, M. and Ernst, A. T.},
  booktitle={Optimization methods and applications},
  pages={343--368},
  year={2001},
  publisher={Springer}
}


@article{krishnamoorthy_2012,
  title={Algorithms for large scale shift minimisation personnel task scheduling problems},
  author={Krishnamoorthy, M. and Ernst, A. T. and Baatar, D.},
  journal={European Journal of Operational Research},
  volume={219},
  number={1},
  pages={34--48},
  year={2012},
  publisher={Elsevier}
}

@article{kroon_1995,
  title={Exact and approximation algorithms for the operational fixed interval scheduling problem},
  author={Kroon, L. G. and Salomon, M. and Van Wassenhove, L. N.},
  journal={European Journal of Operational Research},
  volume={82},
  number={1},
  pages={190--205},
  year={1995},
  publisher={Elsevier}
}

@article{rong_2010,
  title={Monthly tour scheduling models with mixed skills considering weekend off requirements},
  author={Rong, A.},
  journal={Computers \& Industrial Engineering},
  volume={59},
  number={2},
  pages={334--343},
  year={2010},
  publisher={Elsevier}
}

@phdthesis{thompson_1988,
  title={A comparison of techniques for scheduling non-homogeneous employees in a service environment subject to non-cyclical demand volume I, chapters l-7},
  author={Thompson, G. M.},
  school = {The Florida State University},
  year={1988}
}

@article{roberts_1983,
  title={Scheduling of plant maintenance personnel},
  author={Roberts, S. M. and Escudero, L. F.},
  journal={Journal of Optimization theory and Applications},
  volume={39},
  number={3},
  pages={323--343},
  year={1983},
  publisher={Springer}
}

@article{duffuaa_1999,
  title={A stochastic programming model for scheduling maintenance personnel},
  author={Duffuaa, S. O. and Al-Sultan, K. S.},
  journal={Applied Mathematical Modelling},
  volume={23},
  number={5},
  pages={385--397},
  year={1999},
  publisher={Elsevier}
}

@phdthesis{li_1990,
  title={Multiple objective decision making in a fuzzy environment},
  author={Li, R. J.},
  school = {Kansas State University},
  year={1990}
}

@article{smet_2012,
  title={A matheuristic approach to the shift minimisation personnel task scheduling problem},
  author={Smet, P. and Vanden Berghe, G.},
  journal={Practice and theory of automated timetabling},
  pages={145--151},
  year={2012},
  publisher={Citeseer}
}

@article{smet_2014,
  title={The shift minimisation personnel task scheduling problem: A new hybrid approach and computational insights},
  author={Smet, P. and Wauters, T. and Mihaylov, M. and Vanden Berghe, G.},
  journal={Omega},
  volume={46},
  pages={64--73},
  year={2014},
  publisher={Elsevier}
}

@Inbook{pisinger_2010,
	author="Pisinger, D. Ropke, S.",
	editor="Gendreau, M. Potvin, J.",
	title="Large Neighborhood Search",
	bookTitle="Handbook of Metaheuristics",
	year="2010",
	publisher="Springer US",
	address="Boston, MA",
	pages="399--419",
	isbn="978-1-4419-1665-5"
}
